
@book{kolanoski_teilchendetektoren_2016,
	location = {Berlin Heidelberg},
	title = {Teilchendetektoren: Grundlagen und Anwendungen},
	isbn = {978-3-662-45349-0},
	shorttitle = {Teilchendetektoren},
	pagetotal = {921},
	publisher = {Springer Spektrum},
	author = {Kolanoski, Hermann and Wermes, Norbert},
	date = {2016},
	doi = {10.1007/978-3-662-45350-6},
	file = {Table of Contents PDF:/home/lasse/Zotero/storage/L9FSWPMX/Kolanoski und Wermes - 2016 - Teilchendetektoren Grundlagen und Anwendungen.pdf:application/pdf},
}

@book{demtroder_atome_2016,
	location = {Berlin Heidelberg},
	edition = {5., neu bearbeitete und aktualisierte Auflage},
	title = {Atome, Moleküle und Festkörper},
	isbn = {978-3-662-49093-8},
	series = {Experimentalphysik / Wolfgang Demtröder},
	pagetotal = {586},
	number = {3},
	publisher = {Springer Spektrum},
	author = {Demtröder, Wolfgang and Demtröder, Wolfgang},
	date = {2016},
	doi = {10.1007/978-3-662-49094-5},
	file = {Table of Contents PDF:/home/lasse/Zotero/storage/3GRVUHRQ/Demtröder und Demtröder - 2016 - Atome, Moleküle und Festkörper.pdf:application/pdf},
}

@misc{tu_dortmund_versuchsanleitung_2021,
	title = {Versuchsanleitung V21 - Optisches Pumpen},
	publisher = {{TU} Dortmund},
	author = {{TU} Dortmund},
	date = {2021},
}

@misc{tu_dortmund_versuchsanleitung_2021-1,
	title = {Versuchsanleitung V01 - Kosmische Myonen},
	author = {{TU} Dortmund},
	date = {2021},
}

@misc{tu_dortmund_versuchsanleitung_2021-2,
	title = {Versuchsanleitung V46 - Faraday-Effekt},
	author = {{TU} Dortmund},
	date = {2021},
}

@misc{tu_dortmund_versuchsanleitung_2021-3,
	title = {Versuchsanleitung V64 - Moderne Interferometrie},
	author = {{TU} Dortmund},
	date = {2021},
}

@book{grupen_einstieg_2018,
	location = {Berlin, Heidelberg},
	title = {Einstieg in die Astroteilchenphysik: Grundlagen, Messungen und Ergebnisse aktueller Forschung},
	isbn = {978-3-662-55270-4 978-3-662-55271-1},
	url = {http://link.springer.com/10.1007/978-3-662-55271-1},
	shorttitle = {Einstieg in die Astroteilchenphysik},
	publisher = {Springer Berlin Heidelberg},
	author = {Grupen, Claus},
	urldate = {2021-07-29},
	date = {2018},
	langid = {german},
	doi = {10.1007/978-3-662-55271-1},
}

@article{zyla_review_2020,
	title = {Review of Particle Physics},
	volume = {2020},
	doi = {10.1093/ptep/ptaa104},
	pages = {083C01},
	number = {8},
	journaltitle = {{PTEP}},
	author = {Zyla, P.A. and {others}},
	date = {2020},
}

@article{ciddor_refractive_1996,
	title = {Refractive index of air: new equations for the visible and near infrared},
	volume = {35},
	issn = {0003-6935, 1539-4522},
	url = {https://www.osapublishing.org/abstract.cfm?URI=ao-35-9-1566},
	doi = {10.1364/AO.35.001566},
	shorttitle = {Refractive index of air},
	pages = {1566},
	number = {9},
	journaltitle = {Applied Optics},
	shortjournal = {Appl. Opt.},
	author = {Ciddor, Philip E.},
	urldate = {2021-07-30},
	date = {1996-03-20},
	langid = {english},
}

@article{theeten_new_1978,
	title = {A new resonant ellipsometric technique for characterizing the interface between {GaAs} and its plasma‐grown oxide},
	volume = {49},
	issn = {0021-8979, 1089-7550},
	url = {http://aip.scitation.org/doi/10.1063/1.324529},
	doi = {10.1063/1.324529},
	pages = {6097--6102},
	number = {12},
	journaltitle = {Journal of Applied Physics},
	shortjournal = {Journal of Applied Physics},
	author = {Theeten, J. B. and Aspnes, D. E. and Chang, R. P. H.},
	urldate = {2021-08-02},
	date = {1978-12},
	langid = {english},
}

@article{malitson_interspecimen_1965,
	title = {Interspecimen Comparison of the Refractive Index of Fused Silica*,†},
	volume = {55},
	issn = {0030-3941},
	url = {https://www.osapublishing.org/abstract.cfm?URI=josa-55-10-1205},
	doi = {10.1364/JOSA.55.001205},
	pages = {1205},
	number = {10},
	journaltitle = {Journal of the Optical Society of America},
	shortjournal = {J. Opt. Soc. Am.},
	author = {Malitson, I. H.},
	urldate = {2021-08-03},
	date = {1965-10-01},
	langid = {english},
}

@book{hecht_optik_2018,
	location = {Berlin ; Boston},
	edition = {7. Auflage},
	title = {Optik},
	isbn = {978-3-11-052664-6},
	series = {De Gruyter Studium},
	pagetotal = {1365},
	publisher = {Walter de Gruyter, {GmbH}},
	author = {Hecht, Eugene and Lippert, Karen},
	date = {2018},
	keywords = {Optics},
}

@book{dargys_handbook_1994,
	location = {Vilnius, Lithuania},
	title = {Handbook on physical properties of Ge, Si, {GaAs} and {InP}},
	isbn = {978-5-420-01088-4},
	pagetotal = {264},
	publisher = {Science and Encyclopedia Publishers},
	author = {Dargys, A. and Kundrotas, J.},
	date = {1994},
	keywords = {Handbooks, manuals, etc, Semiconductors},
}

@misc{httppmawebcaltecheduph77labsoptical-pumpingpdf_optical_nodate,
	title = {Optical Pumping Caltech},
	url = {http://pmaweb.caltech.edu/~ph77/labs/optical-pumping.pdf},
	author = {http://pmaweb.caltech.edu/\{{\textbackslash}textasciitilde\}ph77/labs/optical-pumping.pdf},
	urldate = {2021-08-08},
}

@misc{tu_dortmund_versuchsanleitung_2021-4,
	title = {Versuchsanleitung V23 - Quanten Analogien},
	publisher = {{TU} Dortmund},
	author = {{TU} Dortmund},
	date = {2021},
}

@artwork{geek3_atomic_2018,
	title = {Atomic orbitals spdf m-eigenstates and superpositions},
	rights = {Creative Commons Attribution-Share Alike 4.0 International license},
	url = {https://commons.wikimedia.org/wiki/File:Atomic_orbitals_spdf_m-eigenstates_and_superpositions.png},
	abstract = {Collection of 16 atomic single-electron orbitals for the lowest four n quantum numbers. Only the cases n = l + 1 \{{\textbackslash}displaystyle n=l+1\} \{{\textbackslash}displaystyle n=l+1\} with one radial node are shown. Each row shows one l-quantum number l=0 (s), l=1 (p), l=2 (d) and l=3 (f). The color depicts the complex-valued phase of the wavefunction. The right half depicts mz-eigenstates with m quantum numbers m ∈ \{ 0 , … , l \} \{{\textbackslash}displaystyle m{\textbackslash}in {\textbackslash}\{0,{\textbackslash}ldots ,l{\textbackslash}\}\} \{{\textbackslash}displaystyle m{\textbackslash}in {\textbackslash}\{0,{\textbackslash}ldots ,l{\textbackslash}\}\} in ascending order showing complex phases and probability densities which are symmetric around the z-axis. The left half shows real-valued superpositions of ±m, which break the rotational symmetry and are often used in chemistry. The solid bodies enclose the volume where the continuous probability density exceeds a well-chosen threshold. The formulas that describe the orbitals can be found at Hydrogen atom.
The labels in the image show the quantum numbers nlm with l encoded as letter and m replaced by the spatial alignment for the real-valued superpositions.},
	author = {Geek3},
	urldate = {2021-08-12},
	date = {2018-03-24},
}

@article{millman_nuclear_1936,
	title = {Nuclear Spins and Magnetic Moments of Rb 85 and Rb 87},
	volume = {50},
	issn = {0031-899X},
	url = {https://link.aps.org/doi/10.1103/PhysRev.50.220},
	doi = {10.1103/PhysRev.50.220},
	pages = {220--225},
	number = {3},
	journaltitle = {Physical Review},
	shortjournal = {Phys. Rev.},
	author = {Millman, S. and Fox, M.},
	urldate = {2021-08-13},
	date = {1936-08-01},
	langid = {english},
}

@artwork{noauthor_erdmagnetfeld_2021,
	title = {Erdmagnetfeld},
	url = {https://de.wikipedia.org/wiki/Erdmagnetfeld},
	date = {2021},
}

@artwork{noauthor_webelements_nodate,
	title = {{WebElements}},
	url = {https://www.webelements.com},
}

@misc{httpsapphysikuni-konstanzdeap-publicanleitungenquantenmodelle-teil1pdf_quantenmodelle-teil1pdf_nodate,
	title = {Quantenmodelle-Teil1.pdf},
	url = {https://ap.physik.uni-konstanz.de/ap-public/Anleitungen/Quantenmodelle-Teil1.pdf},
	author = {https://ap.physik.uni-konstanz.de/ap-public/Anleitungen/Quantenmodelle-Teil1.pdf},
	urldate = {2021-08-19},
}

@book{eichler_laser_2015,
	location = {Berlin Heidelberg},
	edition = {8., aktualisierte und überarbeitete Auflage},
	title = {Laser: Bauformen, Strahlführung, Anwendungen},
	isbn = {978-3-642-41437-4},
	series = {Lehrbuch},
	shorttitle = {Laser},
	pagetotal = {491},
	publisher = {Springer Vieweg},
	author = {Eichler, Hans-Joachim and Eichler, Jürgen},
	date = {2015},
	doi = {10.1007/978-3-642-41438-1},
	file = {Table of Contents PDF:/home/lasse/Zotero/storage/EW43X4WD/Eichler und Eichler - 2015 - Laser Bauformen, Strahlführung, Anwendungen.pdf:application/pdf},
}

@book{demtroder_laserspektroskopie_2011,
	location = {Berlin Heidelberg},
	edition = {6., aktualisierte Aufl},
	title = {Laserspektroskopie. 1: Grundlagen / Wolfgang Demtröder},
	isbn = {978-3-642-21305-2},
	shorttitle = {Laserspektroskopie. 1},
	pagetotal = {300},
	publisher = {Springer},
	author = {Demtröder, Wolfgang},
	date = {2011},
	file = {Table of Contents PDF:/home/lasse/Zotero/storage/SQUPBPSB/Demtröder - 2011 - Laserspektroskopie. 1 Grundlagen  Wolfgang Demtr.pdf:application/pdf},
}

@misc{tu_dortmund_versuchsanleitung_2021-5,
	title = {Versuchsanleitung V27 - Zeeman-Effekt},
	author = {{TU} Dortmund},
	date = {2021},
}

@book{haken_atom-_2004,
	location = {Berlin Heidelberg},
	edition = {Achte, aktualisierte und erweiterte Auflage},
	title = {Atom- und Quantenphysik: Einführung in die experimentellen und theoretischen Grundlagen},
	isbn = {978-3-642-62142-0 978-3-540-02621-1},
	series = {Springer-Lehrbuch},
	shorttitle = {Atom- und Quantenphysik},
	pagetotal = {531},
	publisher = {Springer},
	author = {Haken, Hermann and Wolf, Hans Christoph},
	date = {2004},
	doi = {10.1007/978-3-642-18519-9},
}

@misc{tu_dortmund_versuchsanleitung_2021-6,
	title = {Versuchsanleitung V14 - Tomographie mit Gamma-Strahlung},
	author = {{TU} Dortmund},
	date = {2021},
}

@book{gilmore_practical_2008,
	location = {Chichester, {UK}},
	title = {Practical Gamma-Ray Spectrometry},
	isbn = {978-0-470-86198-1 978-0-470-86196-7},
	url = {http://doi.wiley.com/10.1002/9780470861981},
	publisher = {John Wiley \& Sons, Ltd},
	author = {Gilmore, Gordon R.},
	urldate = {2021-12-29},
	date = {2008-04-18},
	langid = {english},
	doi = {10.1002/9780470861981},
}

@book{stolz_radioaktivitat_2003,
	location = {Wiesbaden},
	title = {Radioaktivität},
	isbn = {978-3-519-30224-7 978-3-663-01497-3},
	url = {http://link.springer.com/10.1007/978-3-663-01497-3},
	publisher = {Vieweg+Teubner Verlag},
	author = {Stolz, Werner},
	urldate = {2021-12-29},
	date = {2003},
	langid = {german},
	doi = {10.1007/978-3-663-01497-3},
}

@misc{tu_dortmund_versuchsanleitung_2022,
	title = {Versuchsanleitung V44 - Röntgenreflektometrie},
	author = {{TU} Dortmund},
	date = {2022},
}

@article{parratt_surface_1954,
	title = {Surface Studies of Solids by Total Reflection of X-Rays},
	volume = {95},
	issn = {0031-899X},
	url = {https://link.aps.org/doi/10.1103/PhysRev.95.359},
	doi = {10.1103/PhysRev.95.359},
	pages = {359--369},
	number = {2},
	journaltitle = {Physical Review},
	shortjournal = {Phys. Rev.},
	author = {Parratt, L. G.},
	urldate = {2022-01-17},
	date = {1954-07-15},
	langid = {english},
}

@book{tolan_x-ray_1999,
	location = {Berlin ; New York},
	title = {X-ray scattering from soft-matter thin films: materials science and basic research},
	isbn = {978-3-540-65182-6},
	series = {Springer tracts in modern physics},
	shorttitle = {X-ray scattering from soft-matter thin films},
	pagetotal = {197},
	number = {148},
	publisher = {Springer},
	author = {Tolan, Metin},
	date = {1999},
	keywords = {Scattering, Thin films, Multilayered, X-rays},
}

@article{kiessig_interferenz_1931,
	title = {Interferenz von Röntgenstrahlen an dünnen Schichten},
	volume = {402},
	issn = {00033804, 15213889},
	url = {https://onlinelibrary.wiley.com/doi/10.1002/andp.19314020702},
	doi = {10.1002/andp.19314020702},
	pages = {769--788},
	number = {7},
	journaltitle = {Annalen der Physik},
	shortjournal = {Ann. Phys.},
	author = {Kiessig, Heinz},
	urldate = {2022-01-17},
	date = {1931},
	langid = {german},
}